@misc{Kryptogr1:online,
author = {},
title = {Kryptographische Verfahren: Empfehlungen und Schlüssellängen, Version 2017-01},
howpublished = {\url{https://www.bsi.bund.de/SharedDocs/Downloads/DE/BSI/Publikationen/TechnischeRichtlinien/TR02102/BSI-TR-02102.pdf?__blob=publicationFile}},
month = {},
year = {},
note = {(Accessed on 12/19/2017)}
}

@misc{Recommen44:online,
author = {},
title = {Recommendation for Key Management, Part 1: General},
howpublished = {\url{http://nvlpubs.nist.gov/nistpubs/SpecialPublications/NIST.SP.800-57pt1r4.pdf}},
month = {},
year = {},
note = {(Accessed on 12/19/2017)}
}
