@mastersThesis{IllyaGerasymchuk__,
   author = "Illya Gerasymchuk",
   title = "{TLS} for {IOT}",
   type = "Master's Thesis",
   BibTexOrigem = "13408 www.Inesc-ID.pt 2017-11-12"
}
